%YAML 1.1
%TAG !u! tag:unity3d.com,2011:
--- !u!241 &24100000
AudioMixerController:
  m_ObjectHideFlags: 0
  m_CorrespondingSourceObject: {fileID: 0}
  m_PrefabInstance: {fileID: 0}
  m_PrefabAsset: {fileID: 0}
  m_Name: MasterMixer
  m_OutputGroup: {fileID: 0}
  m_MasterGroup: {fileID: 24300002}
  m_Snapshots:
  - {fileID: 24500006}
  m_StartSnapshot: {fileID: 24500006}
  m_SuspendThreshold: -80
  m_EnableSuspend: 1
  m_UpdateMode: 0
  m_ExposedParameters:
  - guid: e0e5d68aa87c2f94698e5219970a7c2c
    name: Combat Sounds Volume
  - guid: 4dde0116e7b262d48a3c3d08bf0b2b47
    name: Master Volume
  - guid: ec1fef48ccf880843972398d6f3f8f24
    name: Menu Sounds Volume
  - guid: 012b90af22e56024b933ae1094d0a3fd
    name: Music Volume
  m_AudioMixerGroupViews:
  - guids:
    - 2c847e54ad3a24648889c4e16a5b8ef4
    - 77c8e660ea315bb448fd6a0c75611e2e
    - d1bc2ecb3f3591644a421d3b21ce3a86
    - 7b635fa116eb61746b1876ff71ebe004
    name: View
  m_CurrentViewIndex: 0
  m_TargetSnapshot: {fileID: 24500006}
--- !u!243 &24300002
AudioMixerGroupController:
  m_ObjectHideFlags: 0
  m_CorrespondingSourceObject: {fileID: 0}
  m_PrefabInstance: {fileID: 0}
  m_PrefabAsset: {fileID: 0}
  m_Name: Master
  m_AudioMixer: {fileID: 24100000}
  m_GroupID: 2c847e54ad3a24648889c4e16a5b8ef4
  m_Children:
  - {fileID: 7130182924756011663}
  - {fileID: 7398664522594683512}
  - {fileID: 3772796403504415451}
  m_Volume: 4dde0116e7b262d48a3c3d08bf0b2b47
  m_Pitch: 4ac0f957cffa271448a130f2069b7e0d
  m_Send: 00000000000000000000000000000000
  m_Effects:
  - {fileID: 24400004}
  m_UserColorIndex: 0
  m_Mute: 0
  m_Solo: 0
  m_BypassEffects: 0
--- !u!244 &24400004
AudioMixerEffectController:
  m_ObjectHideFlags: 3
  m_CorrespondingSourceObject: {fileID: 0}
  m_PrefabInstance: {fileID: 0}
  m_PrefabAsset: {fileID: 0}
  m_Name: 
  m_EffectID: 9d3dfeac3c17e22499cc5d487f313076
  m_EffectName: Attenuation
  m_MixLevel: 029c8b0fe0b243742a0f169d08ca6b13
  m_Parameters: []
  m_SendTarget: {fileID: 0}
  m_EnableWetMix: 0
  m_Bypass: 0
--- !u!245 &24500006
AudioMixerSnapshotController:
  m_ObjectHideFlags: 0
  m_CorrespondingSourceObject: {fileID: 0}
  m_PrefabInstance: {fileID: 0}
  m_PrefabAsset: {fileID: 0}
  m_Name: Snapshot
  m_AudioMixer: {fileID: 24100000}
  m_SnapshotID: 89fb59aaa97dfe0459ea69f36f3ac643
  m_FloatValues: {}
  m_TransitionOverrides: {}
--- !u!244 &728088449878516511
AudioMixerEffectController:
  m_ObjectHideFlags: 3
  m_CorrespondingSourceObject: {fileID: 0}
  m_PrefabInstance: {fileID: 0}
  m_PrefabAsset: {fileID: 0}
  m_Name: 
  m_EffectID: da0e8146a40a6c94db7388e0d2197c37
  m_EffectName: Attenuation
  m_MixLevel: e2a2ff93f01a5cc49ad66409f241d7d7
  m_Parameters: []
  m_SendTarget: {fileID: 0}
  m_EnableWetMix: 0
  m_Bypass: 0
--- !u!243 &3772796403504415451
AudioMixerGroupController:
  m_ObjectHideFlags: 0
  m_CorrespondingSourceObject: {fileID: 0}
  m_PrefabInstance: {fileID: 0}
  m_PrefabAsset: {fileID: 0}
  m_Name: Combat Sounds
  m_AudioMixer: {fileID: 24100000}
  m_GroupID: 7b635fa116eb61746b1876ff71ebe004
  m_Children: []
  m_Volume: e0e5d68aa87c2f94698e5219970a7c2c
  m_Pitch: 1c8c39b87a80d584fac504c217447a07
  m_Send: 00000000000000000000000000000000
  m_Effects:
  - {fileID: 6450774265268698071}
  m_UserColorIndex: 0
  m_Mute: 0
  m_Solo: 0
  m_BypassEffects: 0
--- !u!244 &5864536934690970984
AudioMixerEffectController:
  m_ObjectHideFlags: 3
  m_CorrespondingSourceObject: {fileID: 0}
  m_PrefabInstance: {fileID: 0}
  m_PrefabAsset: {fileID: 0}
  m_Name: 
  m_EffectID: ff27116444ebc3b4384f3a8221375c8c
  m_EffectName: Attenuation
  m_MixLevel: 010b06c1d46963e478bfdeda96013b10
  m_Parameters: []
  m_SendTarget: {fileID: 0}
  m_EnableWetMix: 0
  m_Bypass: 0
--- !u!244 &6450774265268698071
AudioMixerEffectController:
  m_ObjectHideFlags: 3
  m_CorrespondingSourceObject: {fileID: 0}
  m_PrefabInstance: {fileID: 0}
  m_PrefabAsset: {fileID: 0}
  m_Name: 
  m_EffectID: 48558f791316abc43ade1e7271f95b92
  m_EffectName: Attenuation
  m_MixLevel: 86f78c661101fad439128b5d7a130c7d
  m_Parameters: []
  m_SendTarget: {fileID: 0}
  m_EnableWetMix: 0
  m_Bypass: 0
--- !u!243 &7130182924756011663
AudioMixerGroupController:
  m_ObjectHideFlags: 0
  m_CorrespondingSourceObject: {fileID: 0}
  m_PrefabInstance: {fileID: 0}
  m_PrefabAsset: {fileID: 0}
  m_Name: Music
  m_AudioMixer: {fileID: 24100000}
  m_GroupID: 77c8e660ea315bb448fd6a0c75611e2e
  m_Children: []
  m_Volume: 012b90af22e56024b933ae1094d0a3fd
  m_Pitch: 8c2559c0bbdc0af4f96cc86fadd52345
  m_Send: 00000000000000000000000000000000
  m_Effects:
  - {fileID: 728088449878516511}
  m_UserColorIndex: 0
  m_Mute: 0
  m_Solo: 0
  m_BypassEffects: 0
--- !u!243 &7398664522594683512
AudioMixerGroupController:
  m_ObjectHideFlags: 0
  m_CorrespondingSourceObject: {fileID: 0}
  m_PrefabInstance: {fileID: 0}
  m_PrefabAsset: {fileID: 0}
  m_Name: Menu Sounds
  m_AudioMixer: {fileID: 24100000}
  m_GroupID: d1bc2ecb3f3591644a421d3b21ce3a86
  m_Children: []
  m_Volume: ec1fef48ccf880843972398d6f3f8f24
  m_Pitch: 171232a729053c74ab175e3de6814c06
  m_Send: 00000000000000000000000000000000
  m_Effects:
  - {fileID: 5864536934690970984}
  m_UserColorIndex: 0
  m_Mute: 0
  m_Solo: 0
  m_BypassEffects: 0
